<?xml version="1.0" encoding="UTF-8"?><collection xmlns="http://www.loc.gov/MARC21/slim"><record><leader>00461nam--2200145-i-4500</leader><controlfield tag="001">000047244</controlfield><controlfield tag="002">20161230</controlfield><controlfield tag="005">20161230201046</controlfield><controlfield tag="008">060222s1000------------r-----000-0-eng-d</controlfield><datafield ind1=" " ind2=" " tag="080"><subfield code="a">621.391:681.3.06</subfield></datafield><datafield ind1=" " ind2=" " tag="100"><subfield code="a">Whitehouse,Gary E</subfield></datafield><datafield ind1=" " ind2=" " tag="245"><subfield code="a">Systems analysis and design using network techniques</subfield></datafield><datafield ind1=" " ind2=" " tag="260"><subfield code="a">Englewood Cliffs, Prentice-hall, Inc.,1973. Xii + 500 P</subfield></datafield><datafield ind1=" " ind2=" " tag="490"><subfield code="a">Prentice-hall Industrial Series In Industrial Systems Engineering</subfield></datafield><datafield ind1=" " ind2=" " tag="852"><subfield code="a">42571</subfield></datafield></record></collection>